@online{defhealth-payers,
  url = "https://blog.definitivehc.com/top-healthcare-payers"
}

@online{provider-networks,
  url = "https://web.archive.org/web/20210129024452/https://marketplace.cms.gov/outreach-and-education/what-you-should-know-provider-networks.pdf"
}

@online{what-is-family-medicine,
  url = "https://web.archive.org/web/20201204075605/https://my.clevelandclinic.org/departments/community-care/depts/family"
}

@online{diff-bt-internal-family,
  url = "https://web.archive.org/web/20200920043736/https://health.clevelandclinic.org/whats-the-difference-between-an-internist-and-a-family-physician/"
}
